2160 3024
511 1270 1935 1373 Rationem et Institiam facies inter gentem tibi
587 504 1907 609 Tibi Jacobo Celsi dilecto cius, et fideli mo
589 604 1885 703 & de nostro mondato vadas, et sis capit.
589 695 1895 783 presentium galearum iturarum ad viagium
589 763 1905 861 alexandria, quos galeas cum mercationibus
592 846 1892 947 in eis existentibus mercatoribus et homibus
594 929 1943 1025 ipsorum eundo, stundo, et redeundo debeas
594 1015 1905 1123 regere, et gubernare, sicut pro honore, et
602 1101 1900 1204 conseruationis gentis nostorum connenire uidebis :
602 1365 1872 1459 commissam, secundum tuam diseretionom
602 1449 1431 1552 bona fide, et sine fraude :
496 1612 1923 1718 Verum ad tollendam andatiam et materiam
607 1693 1940 1794 delinquendi hominibus galearum. Committimus tibi
594 1781 1902 1905 & quotiens casus aduenerit aliquis getibus
602 1864 1923 1965 tibi commissis in aliquibus terris, uel locis nostora
597 1942 1938 2058 Jurisdictioni suppositis, et in quibus president
604 2031 1948 2129 nostori rectores, aliquos excessus committerent, debes
602 2126 1938 2222 dare operam ad faciendos eos capi, ipsose in
604 2207 1920 2293 fortiam tuam habere poteris, anteq recedas
614 2283 1948 2396 de iurisdictione, uel distrietu, ubi dicti excebus
