2030 2969
222 388 1547 492 commissi fuerint, Rectoribus dictor locor facere
222 489 1547 576 consignari omni causa remota, ut dicti reitores
227 576 1569 665 procedere ualeant contra eos, pront eor culpa
237 658 1532 744 et demerita exposcent. Verum si deliquetes
232 742 1554 833 predicti tune haberi non possint, et ad monus
230 826 1554 920 tuas peruenerint extra invisdietionem terre
227 900 1562 997 ubi huius modi excessus perpetrati fuerit, debeas
227 977 1549 1086 in hoc casu de dictis deliquentibus facere institia ?
230 1073 1562 1170 quam debuisset facere rector illius loci, ubi com-
227 1175 861 1259 misissent excessus :
155 1323 1564 1430 Et ad enitondum scamdalum facere debes tuo posse,
220 1435 1534 1516 & homines tuarum galearum non portent onma
227 1514 1547 1600 in terram, ubi descendent, tam in terris uris
230 1600 1517 1692 & alienis, imponendo ni hoc illam poenam, et
227 1684 1515 1776 poenas, et eas exigendo, que tibi nidebuntux,
227 1759 1537 1860 et etiam constringere debeas, & de gentibus tuarum
227 1845 1559 1947 galearum descendam ni terram & pautiores poterut
220 1929 1544 2028 in aliqua parte, et si per aliquem de galeis, uel
222 2009 1544 2105 alium subditum nostorum, uel alium quemuis, possis
230 2095 1532 2189 inde facere, sient pro honore nostoro, et saluameto
222 2184 1539 2278 galearum, haueris, et gentis nostre tibi commisse, me-
227 2268 1537 2387 -lins apperebit, intelligendo nihilominus quod
