2134 2993
481 586 1914 688 Non potes habere partem aliquam in galea tibi co-
531 1257 1901 1361 Ballestrerii galearum tibi commissarum here debent
601 411 1916 508 commissiones rectorum nostorum moneat ni suo statu :
594 683 1916 765 missa, nec aliqua earum, nec facere mercationem
601 758 1911 845 nec mercatum, non intelligendo de lapidibus, et
601 835 1914 942 perlis, verum super dictis galeis est licitum tibi
601 927 1889 1015 habere de tuo aliis raccommandato, nec potes ire
611 1012 1896 1099 cum aliqua persona ad videndum mercationes,
606 1104 1367 1182 nec dormire in Terram :
609 1354 1906 1449 vinandam, sicut homines de remo, qui ballestrerii
613 1444 1916 1533 accipi debent per te capitaneum, pagatores, et ca-
604 1533 1916 1613 -pita de xlta., secundum usum, et cum accipientur
613 1613 1916 1713 non possint patroni, uel alii pro eis esse presentes
609 1698 1901 1788 ullo modo, Intelligendo & dicti ballestrerei sub
618 1780 1924 1870 poena librarum centum pro quolibet cotrafaciente
618 1865 1914 1957 et si fuerit accusator habeat tertium, officium
616 1947 1941 2032 leuantis tertium, et commune reliqui, et teneant ?
609 2025 1899 2125 dicti ballestrerii esbe ad custodiorm, et debeant
616 2115 1936 2212 appunitori, sient alii, et debeant esse a niginti
618 2207 1779 2307 annis supra, et quadraginta infra :
