2134 2993
154 399 1562 506 Ordinatum esteriam, garma, et remiguim dictarum
159 1074 1602 1177 Patroni dictarum galearum non possint accipere a mer-
144 1596 1559 1693 Si soldanus, uel aliqui sui barones fecerint tibi, uel
137 1918 1579 2027 Et si lenabis mercationes uel hauere capselle in
229 498 1579 588 galearum cum voluerint palmipave, quoties opportuent
229 588 1579 668 particulariter, sed non omnes ponetibus simul pro
237 668 1564 753 quo uel quibus noluerint palmipare remigui sui
229 748 1564 833 et arma in illam, uel illas, quam nom palmipabunt ?
234 830 1552 917 sicut tibi, et patronis dirtarum galearum ni debitur
237 912 1370 1015 opus esbe pro sicuritare dictarum galearum :
229 1162 1554 1262 -catoribus, et aliis cinibus, et fidelibus nostoris pro
237 1259 1559 1349 mensa utra grobos quatuor ni die pro quolibet
237 1346 1584 1434 eors, et non plures ullo modo, non possendo pone
229 1436 1574 1526 re bisantum, nec accipore pro eo, nisi grossos bo :
227 1683 1559 1775 aliis aliqua dona, illa talia dona neniant in
224 1778 753 1858 nostrum commune :
229 2022 1552 2100 clarenna, uel clarentia supra pro eundo in
237 2097 1574 2189 alexandriam, debet de dicto hauere, et mercatore
224 2179 1539 2282 solum medium nabulum, soluendo tamen totum
234 2272 1537 2389 cotimum mercationes, sicut haitenus est obseruatum :
