2134 2993
491 1259 1886 1364 Et per galeas tuas debet esbe unus solus medicus,
496 1688 1921 1790 Cera, aut cenaprium, aut alias res sisniles sint ad
456 2107 1914 2202 Mercationes euntes, et redeuntes cum dictis galeis
486 409 1864 511 Teneris inquirere, et examinare si mercationes
564 518 1906 593 carricate ni galeis erunt carricate cum ordine et
571 593 1886 685 bulleta, et hoc in omni ponte, ubi galee discari-
576 673 1901 770 -cabuntur, et siquid sine ordine et bulleta inne-
571 760 1914 840 -neris carricatum, habeas pro caduto de xlta. pro
574 845 1904 937 centeneario, et exigas dictam poena, et si esbet
574 930 1914 1025 res, que subiacerent maiori poene, exigus illa
576 1010 1914 1099 maiorem poenam, habendo tertium cuiuslibet
576 1104 1589 1194 dietorum poenarum, quos exiges :
584 1349 1881 1451 unus phisieus, et chirugieus. cui solui debet per
581 1444 1914 1541 patronos galearum, Ita & non uadort in variam, nec
576 1528 1844 1623 come nostorum aliquid propterea soluere teneatur :
576 1780 1911 1865 conditionem raminis, et. alie aut res sunt
576 1873 1914 1952 setae, equine, et ruce macinate, saponu, blaca, et
571 1942 1876 2042 alie minoris ptii sint ad conditionem plumbi :
571 2202 1894 2284 hic soluere nabulum de suis mercationibus, et
571 2277 1894 2399 argento, et si dictum nabulum no solnent hic
