2134 2993
174 823 1594 920 Parromi omninm galeorun armatax tenent ? et debet,
172 1923 1562 2022 Tenevis et debes onmi edusa remota, sub poena
237 389 1554 498 debent soluere ni alexandria, et propteren tibi
237 491 1554 583 committimus, & ab illis, quos scies hic non soluisse
237 578 1584 678 dictum nabulum, debes exigere poenam pro quibs.
232 673 1552 753 libet xx. ex grossis unum bisantum veterem :
242 920 1594 1010 dari facere hominibus suax galearu pomem, vinu,
237 997 1539 1072 et ahiam vinandam ordinatum ultra duos dies,
237 1077 1569 1167 nec de dendo eis portem, nec aliam viuanda &
234 1162 1589 1249 plures duobus diebus. unus aut done debeat, sicut
237 1259 1559 1351 ordmiabitur per te capitaneu, sub poema unius,
237 1341 1562 1436 grossi pro quolibet homine, cuius poene medietate
242 1431 1582 1523 habere debeant homines de remo, quartu capits et
244 1523 1584 1616 quartu tres consfituentes pro galea, et si tu corpits.
237 1593 1574 1698 hoc scives absq manifestatione dictoro triui habeas
244 1683 1569 1770 aliam medietatem, verum huiusmodi capitulum
247 1765 1559 1863 non extendat ad factum dare qurma :
252 2020 1569 2117 ducator centum auvi in tuis propriis bonis antequam
247 2100 1564 2197 transeas Polam costituere tres de magis Idoneis, et
234 2179 1559 2287 sufficientibus mercatoribus nobilibus pro qualibet
244 2274 1542 2396 galea a vigintiquine annis supra, cosfitues de
