2134 2993
628 394 1941 506 illis, qui erunt maioris etatis, qui tres postes
638 498 1921 591 fuerint constituti per te non possint ullo modo
628 578 1946 680 refutare sub poena librar centium pro quolibet
633 663 1964 758 et teneantur asfrieti per saeramentum tam eundo
628 745 1939 838 & redeundo inquirere, examinare, sure, et
638 828 1946 930 innestigare si patroni galear obseruant ordines
628 920 1971 1002 terra, et si dant ponem, uel vinum, et aliam vi-
628 997 1931 1087 -nandam ordinatam hominibus galear, et de
628 1077 1959 1177 omnibus, que scient patronos non seruare ordine
621 1159 1946 1262 debeant manifestom tibi capito per sacramentum,
628 1247 1951 1361 uel aliis officialibus, quibus est commissum, ut pena
613 1344 1946 1444 contrafacientibus exigatur, et habeant ipsi tres
626 1429 1946 1521 de omnibus que manifestaueunt partem accusorti
613 1513 1966 1613 onis poenas, quas haberent accusatores per nostros
609 1601 1954 1696 ordines deputatam, et ut possin melius scire ordi-
618 1681 1946 1778 -nes. Tu capits anteqs de venetiis recedas, teneris
618 1765 1954 1860 accipere ab officio lenantis ordines terre pertinetes
621 1848 1959 1955 onmes dictis galeis, quos ipsi officiades dare debeat
621 1937 1906 2025 in scriptis, et quos tu capits dare facias dictis
606 2010 1769 2117 tribus constituentibus pro qualibet galea :
621 2179 1931 2292 vandocunq facis circam degalea aliqua, tam de
621 2274 1986 2421 carrico, & de qurma hominum, unus ad minus
